@BOOK{Smith:2012qr,
	title = {{B}ook {T}itle},
	publisher = {Publisher},
	author = {Smith, J.~M. and Jones, A.~B.},
	year = {2012},
	edition = {7th},
}

@ARTICLE{Smith:2013jd,
	author = {Jones, A.~B. and Smith, J.~M.},
	title = {{A}rticle {T}itle},
	journal = {{J}ournal {T}itle},
	year = {2013},
	volume = {13},
	pages = {123-456},
	number = {52},
	month = {March},
	publisher = {Publisher}
}

@article{SaeedCCM11,
Author  = {Mohammed Saeed and Mauricio Villarroel and Andrew T Reisner and Gari Clifford and {Li-wei} Lehman and George Mo
ody and Thomas Heldt and Tin H Kyaw and Benjamin Moody and Roger G Mark},
        Title   = {Multiparameter Intelligent Monitoring in Intensive Care {II} {(MIMIC-II)}: {A} public-access intensive 
care unit database},
        Journal = {Crit Care Med},
        Volume  = {39},
        Number  = {5},
        Pages   = {952--960},
        Month   = {},        Year    = {2011},
        pdf     = {SaeedCCM11.pdf},
        Note    = {},
        funded_by={This research was supported by grant R01 EB001659 from the National Institute of Biomedical Imaging and
 Bioengineering, and by support from Philips Healthcare.},
        pmid={21283005},
        doi={10.1097/CCM.0b013e31820a92c6}}

@article{huang2013early,
  title={Is early ventricular dysfunction or dilatation associated with lower mortality rate in adult severe sepsis and septic shock? A meta-analysis},
  author={Huang, Stephen J and Nalos, Marek and McLean, Anthony S},
  journal={Critical Care},
  volume={17},
  number={3},
  pages={R96},
  year={2013},
  publisher={BioMed Central Ltd}
}